<record><leader>00000cas a22000007a 4500</leader><controlfield tag="001">15465477</controlfield><controlfield tag="008">870331d19181926iauwr ne      0    0eng d</controlfield><datafield ind1=" " ind2=" " tag="010"><subfield code="a">sn 87058101 </subfield></datafield><datafield ind1=" " ind2=" " tag="040"><subfield code="a">INP</subfield><subfield code="b">eng</subfield><subfield code="c">INP</subfield><subfield code="d">OCLCQ</subfield></datafield><datafield ind1=" " ind2=" " tag="042"><subfield code="a">msc</subfield></datafield><datafield ind1="0" ind2=" " tag="130"><subfield code="a">Elkader register (Elkader, Iowa : 1918)</subfield></datafield><datafield ind1="1" ind2="4" tag="245"><subfield code="a">The Elkader register.</subfield></datafield><datafield ind1=" " ind2=" " tag="260"><subfield code="a">Elkader, Clayton County, Iowa :</subfield><subfield code="b">H.L. Griffith,</subfield><subfield code="c">1918-1926.</subfield></datafield><datafield ind1=" " ind2=" " tag="300"><subfield code="a">9 v.</subfield></datafield><datafield ind1=" " ind2=" " tag="310"><subfield code="a">Weekly</subfield></datafield><datafield ind1="0" ind2=" " tag="362"><subfield code="a">Vol. 41, no. 11 (Mar. 14, 1918)-v. 49, no. 37 (Sept. 16, 1926).</subfield></datafield><datafield ind1=" " ind2=" " tag="752"><subfield code="a">United States</subfield><subfield code="b">Iowa</subfield><subfield code="c">Clayton</subfield><subfield code="d">Elkader.</subfield></datafield><datafield ind1="0" ind2="0" tag="780"><subfield code="t">Register and Argus</subfield><subfield code="w">(DLC)sn 87058100</subfield></datafield><datafield ind1="0" ind2="7" tag="785"><subfield code="t">Clayton County messenger</subfield><subfield code="w">(DLC)sn 87058557</subfield></datafield><datafield ind1="0" ind2="7" tag="785"><subfield code="t">Clayton County register</subfield><subfield code="w">(DLC)sn 88059766</subfield><subfield code="w">(OCoLC)15465447</subfield></datafield></record>